% https://www.overleaf.com/learn/latex/Bibliography_management_with_bibtex

%https://actaneuropsychologica.com/api/files/view/1593519.pdf
@article{ProductDesignSteps,
  title={ NEW CONCEPT OF PRODUCT DESIGN BY INVOLVING EMOTIONAL FACTORS USING EEG: A CASE STUDY OF XOMPUTER MOUSE DESIGN},
  author={Sugiono Sugiono, Andi S. Putra, Renaldi P, Angga A. Fanani, Amanda N. Cahyawati, Oke Oktavianty},
  journal={ACTA NEUROPSYCHOLOGICA},
  volume={19},
  number={1},
  pages={63--80},
  year={2021}
}

%https://dl.acm.org/doi/10.1145/2024716.2024718
@article{TheGem5Simulator,
author = {Binkert, Nathan and Beckmann, Bradford and Black, Gabriel and Reinhardt, Steven K. and Saidi, Ali and Basu, Arkaprava and Hestness, Joel and Hower, Derek R. and Krishna, Tushar and Sardashti, Somayeh and Sen, Rathijit and Sewell, Korey and Shoaib, Muhammad and Vaish, Nilay and Hill, Mark D. and Wood, David A.},
title = {The Gem5 Simulator},
year = {2011},
issue_date = {May 2011},
publisher = {Association for Computing Machinery},
address = {New York, NY, USA},
volume = {39},
number = {2},
issn = {0163-5964},
url = {https://doi.org/10.1145/2024716.2024718},
doi = {10.1145/2024716.2024718},
journal = {SIGARCH Comput. Archit. News},
month = {aug},
pages = {1–7},
numpages = {7}
}

%https://ieeexplore.ieee.org/document/1677503
@ARTICLE{TheM5Simulator,
  author={Binkert, N.L. and Dreslinski, R.G. and Hsu, L.R. and Lim, K.T. and Saidi, A.G. and Reinhardt, S.K.},
  journal={IEEE Micro}, 
  title={The M5 Simulator: Modeling Networked Systems}, 
  year={2006},
  volume={26},
  number={4},
  pages={52-60},
  doi={10.1109/MM.2006.82}}

@article{TheGEMS,
author = {Martin, Milo M. K. and Sorin, Daniel J. and Beckmann, Bradford M. and Marty, Michael R. and Xu, Min and Alameldeen, Alaa R. and Moore, Kevin E. and Hill, Mark D. and Wood, David A.},
title = {Multifacet's General Execution-Driven Multiprocessor Simulator (GEMS) Toolset},
year = {2005},
issue_date = {November 2005},
publisher = {Association for Computing Machinery},
address = {New York, NY, USA},
volume = {33},
number = {4},
issn = {0163-5964},
url = {https://doi.org/10.1145/1105734.1105747},
doi = {10.1145/1105734.1105747},
month = {nov},
pages = {92–99},
numpages = {8}
}

@inproceedings{pargem5,
            author          =    {Zurstraßen, Niko and Jose, Cubero-Cascante and Joseph, Jan Moritz and Leupers, Rainer and Xinghua, Xie and Yichao, Li},
            title           =    {par-gem5: Parallelizing gem5 s Atomic Mode},
            year            =    {2023},
            booktitle       =    {2023 Design, Automation and Test in Europe Conference (DATE)},
            bibkey          =    {pargem5},
            language        =    {English},
}


@ARTICLE{terascaleComputing,
  author={Mani Azimi, Corporate Technology Group, Intel Corporation 
Naveen Cherukuri, Corporate Technology Group, Intel Corporation 
D. N. Jayasimha, Corporate Technology Group, Intel Corporation 
Akhilesh Kumar, Corporate Technology Group, Intel Corporation 
Partha Kundu, Corporate Technology Group, Intel Corporation 
Seungjoon Park, Corporate Technology Group, Intel Corporation 
Ioannis Schoinas, Corporate Technology Group, Intel Corporation 
Aniruddha S. Vaidya, Corporate Technology Group, Intel Corporation .},
  journal={Intel Technology Journal}, 
  title={Tera-scale computing}, 
  year={2007},
  volume={11},
  number={3},
  pages={173-184}}

@book{SimulationBook,
author = {Robinson, Stewart},
title = {Simulation: The Practice of Model Development and Use},
year = {2004},
isbn = {0470847727},
publisher = {John Wiley & Sons, Inc.},
address = {Hoboken, NJ, USA}
}

 @misc{zionMarketResearch, 
 title={Virtual training and simulation market size, growth, trends, share}, 
 url={https://www.zionmarketresearch.com/report/virtual-training-and-simulation-market}, 
 journal={Zion Market Research},
 author={Zion Market Research}} 

 @inproceedings{banks1999introduction,
  title={Introduction to simulation},
  author={Banks, Jerry},
  booktitle={Proceedings of the 31st conference on Winter simulation: Simulation---a bridge to the future-Volume 1},
  pages={7--13},
  year={1999}
}

@book{BanksDiscreteSimulation,
title = "Discrete-Event System Simulation",
author = "J. Banks and Carson, {J. S.} and Nelson, {B. L.} and D. Nicol",
year = "2010",
language = "English",
isbn = "0136062121",
publisher = "Prentice Hall",
edition = "5",
}

@book{copper1895copper,
  title={Copper Abstracts},
  author={Copper Development Association},
  url={https://books.google.pt/books?id=blQ3AQAAMAAJ},
  year={1895},
  publisher={Copper Development Association.}
}

@book{EmbeddedSystemsGlossary,
  title={Programming Embedded Systems in C and C++},
  author={Barr, M.},
  isbn={9781565923546},
  lccn={00689043},
  series={O'Reilly Series},
  url={https://books.google.pt/books?id=a2Q6U0b36rMC},
  year={1999},
  publisher={O'Reilly}
}

@article{camposano1996embedded,
  title={Embedded system design},
  author={Camposano, Raul and Wilberg, J{\"o}rg},
  journal={Design Automation for Embedded Systems},
  volume={1},
  pages={5--50},
  year={1996},
  publisher={Springer}
}

@book{LinuxDeviceDrivers,
author = {Corbet, Jonathan and Rubini, Alessandro and Kroah-Hartman, Greg},
title = {Linux Device Drivers, 3rd Edition},
year = {2005},
isbn = {0596005903},
publisher = {O'Reilly Media, Inc.},
abstract = {Over the years, this bestselling guide has helped countless programmers learn how to support computer peripherals under the Linux operating system, and how to develop new hardware under Linux. Now, with this third edition, it's even more helpful, covering all the significant changes to Version 2.6 of the Linux kernel. Includes full-featured examples that programmers can compile and run without special hardware.}
}

@INPROCEEDINGS{FPGAaccelaration3,
  author={Zhai, Xiaojun and Bensaali, Faycal and McDonald-Maier, Klaus},
  booktitle={2013 IEEE 20th International Conference on Electronics, Circuits, and Systems (ICECS)}, 
  title={Automatic Number Plate Recognition on FPGA}, 
  year={2013},
  volume={},
  number={},
  pages={325-328},
  doi={10.1109/ICECS.2013.6815420}}

@INPROCEEDINGS{FPGAaccelaration2,
  author={Cong, J. and Peck, J.},
  booktitle={Proceedings. The 5th Annual IEEE Symposium on Field-Programmable Custom Computing Machines Cat. No.97TB100186)}, 
  title={On acceleration of the check tautology logic synthesis algorithm using an FPGA-based reconfigurable coprocessor}, 
  year={1997},
  volume={},
  number={},
  pages={246-247},
  doi={10.1109/FPGA.1997.624629}}

@INPROCEEDINGS{FPGAaccelaration,
  author={Cong, J. and Peck, J.},
  booktitle={Proceedings. The 5th Annual IEEE Symposium on Field-Programmable Custom Computing Machines Cat. No.97TB100186)}, 
  title={On acceleration of the check tautology logic synthesis algorithm using an FPGA-based reconfigurable coprocessor}, 
  year={1997},
  volume={},
  number={},
  pages={246-247},
  doi={10.1109/FPGA.1997.624629}}

   @misc{iec, title={IEC, 192-01-22 Dependability}, url={https://www.electropedia.org/iev/iev.nsf/display?openform&amp;ievref=192-01-22}, journal={IEC 60050 - International Electrotechnical Vocabulary - Details for IEV number 192-01-22: "dependability"}, author={IEC}} 

   @article{swapc,
  title={Operating systems for Internet of Things low-end devices: Analysis and benchmarking},
  author={Silva, Miguel and Cerdeira, David and Pinto, Sandro and Gomes, Tiago},
  journal={IEEE Internet of Things Journal},
  volume={6},
  number={6},
  pages={10375--10383},
  year={2019},
  publisher={IEEE}
}

@article{waterfallModel,
  title={Software engineering methodologies: a review of the waterfall model and object-oriented approach},
  author={Adenowo, Adetokunbo AA and Adenowo, Basirat A},
  journal={International Journal of Scientific \& Engineering Research},
  volume={4},
  number={7},
  pages={427--434},
  year={2013}
}

@article{royce1970winston,
  title={Winston},
  author={Royce, W},
  journal={Proceedings, Managing the Development of Large Software Systems, IEEE WESCON},
  year={1970}
}

@article{waterfallAndAgile,
  title={The Waterfall Model and the Agile Methodologies: A comparison by project characteristics},
  author={Van Casteren, Wilfred},
  journal={Research Gate},
  volume={2},
  pages={1--6},
  year={2017}
}

@article{AgileModel,
  title={A survey of agile development methodologies},
  author={Boehm, Barry},
  journal={Laurie Williams},
  volume={45},
  pages={119},
  year={2007}
}

@article{SpiralModel,
  title={A spiral model of software development and enhancement},
  author={Boehm, Barry W.},
  journal={Computer},
  volume={21},
  number={5},
  pages={61--72},
  year={1988},
  publisher={IEEE}
}

@article{SpiralModel2,
  title={A comparison between three SDLC models waterfall model, spiral model, and Incremental/Iterative model},
  author={Alshamrani, Adel and Bahattab, Abdullah},
  journal={International Journal of Computer Science Issues (IJCSI)},
  volume={12},
  number={1},
  pages={106},
  year={2015}
}

@article{SpiralModel3,
  title={A spiral model of software development and enhancement},
  author={Boehm, Barry},
  journal={ACM SIGSOFT Software engineering notes},
  volume={11},
  number={4},
  pages={14--24},
  year={1986},
  publisher={ACM New York, NY, USA}
}

@article{V-model,
  title={Waterfall vs. V-Model vs. Agile: A comparative study on SDLC},
  author={Balaji, Sundramoorthy and Murugaiyan, M Sundararajan},
  journal={International Journal of Information Technology and Business Management},
  volume={2},
  number={1},
  pages={26--30},
  year={2012}
}

@article{V-model2,
  title={Variations in v model for software development},
  author={Regulwar, Ganesh B and Deshmukh, PR and Tugnayat, RM and Jawandhiya, PM and Gulhane, VS},
  journal={International Journal of Advanced Research in Computer Science},
  volume={1},
  number={2},
  pages={134--135},
  year={2010}
}

@inproceedings{UltraFastVPs,
  title={The next generation of virtual prototyping: Ultra-fast yet accurate simulation of HW/SW systems},
  author={Bringmann, Oliver and Ecker, Wolfgang and Gerstlauer, Andreas and Goyal, Ajay and Mueller-Gritschneder, Daniel and Sasidharan, Prasanth and Singh, Simranjit},
  booktitle={2015 Design, Automation \& Test in Europe Conference \& Exhibition (DATE)},
  pages={1698--1707},
  year={2015},
  organization={IEEE}
}


@inproceedings{optimizingTD,
  title={Optimizing Temporal Decoupling using Event Relevance},
  author={J{\"u}nger, Lukas and Bianco, Carmine and Niederholtmeyer, Kristof and Petras, Dietmar and Leupers, Rainer},
  booktitle={Proceedings of the 26th Asia and South Pacific Design Automation Conference},
  pages={331--337},
  year={2021}
}

 @misc{QEMUDoc, 
 title={QEMU’s documentation}, 
 url={https://www.qemu.org/docs/master/}, 
 journal={Welcome to QEMU’s documentation! - QEMU documentation}, author={The QEMU Project Developers}
 } 

 @inproceedings{TypesOfFSS,
  title={Development of embedded PC and FPGA based systems with virtual hardware},
  author={Zabo{\l}otny, Wojciech M},
  booktitle={Photonics Applications in Astronomy, Communications, Industry, and High-Energy Physics Experiments 2012},
  volume={8454},
  pages={259--265},
  year={2012},
  organization={SPIE}
}

@inproceedings{theQEMUsimulator,
  title={QEMU, a fast and portable dynamic translator.},
  author={Bellard, Fabrice},
  booktitle={USENIX annual technical conference, FREENIX Track},
  volume={41},
  pages={46},
  year={2005},
  organization={Califor-nia, USA}
}
@mastersthesis{Almeida_2020, 
title={Reliable software development aided by QEMU simulation}, 
author={Almeida, Rui}, 
year={2020},
school = {University of Minho}
} 

@inproceedings{DESVarga,
  title={Discrete event simulation system},
  author={Varga, Andr{\'a}s},
  booktitle={Proc. of the European Simulation Multiconference (ESM’2001)},
  pages={1--7},
  year={2001}
}

@article{DES_SoA,
  title={Discrete event simulation},
  author={Babulak, Eduard and Wang, Ming},
  journal={Aitor Goti (Hg.): Discrete Event Simulations. Rijeka, Kroatien: Sciyo},
  pages={1},
  year={2010}
}

@article{continousSim1,
  title={Continuous simulation for design flood estimation—a review},
  author={Boughton, W and Droop, O},
  journal={Environmental Modelling \& Software},
  volume={18},
  number={4},
  pages={309--318},
  year={2003},
  publisher={Elsevier}
}

@article{continousSim2,
  title={Fast processing and continuous simulation of automotive structural composite components},
  author={Henning, Frank and K{\"a}rger, Luise and D{\"o}rr, Dominik and Schirmaier, Fabian J and Seuffert, Julian and Bernath, Alexander},
  journal={Composites Science and Technology},
  volume={171},
  pages={261--279},
  year={2019},
  publisher={Elsevier}
}

@inproceedings{MontecarloIntroduction,
  title={Introduction to monte carlo simulation},
  author={Harrison, Robert L},
  booktitle={AIP conference proceedings},
  volume={1204},
  number={1},
  pages={17--21},
  year={2010},
  organization={American Institute of Physics}
}

@article{MonteCarloExample,
  title={Monte Carlo simulation of gas flows},
  author={Bird, Graeme A},
  journal={Annual Review of Fluid Mechanics},
  volume={10},
  number={1},
  pages={11--31},
  year={1978},
  publisher={Annual Reviews 4139 El Camino Way, PO Box 10139, Palo Alto, CA 94303-0139, USA}
}

@book{OSbook,
  title={Modern Operating Systems, Global Edition},
  author={Tanenbaum, A.S. and Bos, H.},
  isbn={9781292061955},
  url={https://books.google.pt/books?id=FV2pBwAAQBAJ},
  year={2015},
  publisher={Pearson Education}
}

@misc{OSbook2,
  title={Mastering the FreeRTOS real time kernel. Real Time Engineers Ltd},
  author={Barry, Richard},
  year={2016}
}

@article{systemC,
  author={},
  journal={IEEE Std 1666-2011 (Revision of IEEE Std 1666-2005)}, 
  title={IEEE Standard for Standard SystemC Language Reference Manual}, 
  year={2012},
  volume={},
  number={},
  pages={1-638},
  doi={10.1109/IEEESTD.2012.6134619}
}

@inproceedings{yoga2019parallelism,
  title={Parallelism-centric what-if and differential analyses},
  author={Yoga, Adarsh and Nagarakatte, Santosh},
  booktitle={Proceedings of the 40th ACM SIGPLAN Conference on Programming Language Design and Implementation},
  pages={485--501},
  year={2019}
}

@INPROCEEDINGS{loadImbalance1,
  author={Tallent, Nathan R. and Adhianto, Laksono and Mellor-Crummey, John M.},
  booktitle={SC '10: Proceedings of the 2010 ACM/IEEE International Conference for High Performance Computing, Networking, Storage and Analysis}, 
  title={Scalable Identification of Load Imbalance in Parallel Executions Using Call Path Profiles}, 
  year={2010},
  volume={},
  number={},
  pages={1-11},
  doi={10.1109/SC.2010.47}
}

@inproceedings{loadImbalance2,
author = {Rose, Luiz and Homer, Bill and Johnson, Dean},
year = {2007},
month = {08},
pages = {150-159},
title = {Detecting Application Load Imbalance on High End Massively Parallel Systems},
isbn = {978-3-540-74465-8},
doi = {10.1007/978-3-540-74466-5_17}
}

@article{scabilityIssue,
  title={Multithreading in Java: Performance and scalability on multicore systems},
  author={Chen, Kuo-Yi and Chang, J Morris and Hou, Ting-Wei},
  journal={IEEE Transactions on Computers},
  volume={60},
  number={11},
  pages={1521--1534},
  year={2010},
  publisher={IEEE}
}

@article{scalabilityProblem,
  title={Bottle graphs: Visualizing scalability bottlenecks in multi-threaded applications},
  author={Du Bois, Kristof and Sartor, Jennifer B and Eyerman, Stijn and Eeckhout, Lieven},
  journal={ACM SIGPLAN Notices},
  volume={48},
  number={10},
  pages={355--372},
  year={2013},
  publisher={ACM New York, NY, USA}
}

@article{scalabilityProblem2,
author = {Eyerman, Stijn and Du Bois, Kristof and Eeckhout, Lieven},
year = {2012},
month = {04},
pages = {},
title = {Speedup stacks: Identifying scaling bottlenecks in multi-threaded applications},
doi = {10.1109/ISPASS.2012.6189221}
}

@incollection{audio,
  title={Bits, Sample Rates, and Other Fundamentals of Digital Audio},
  author={Ciesla, Robert},
  booktitle={Sound and Music for Games: The Basics of Digital Audio for Video Games},
  pages={1--24},
  year={2022},
  publisher={Springer}
}

@article{PDESfujimoto,
  title={Parallel discrete event simulation},
  author={Fujimoto, Richard M},
  journal={Communications of the ACM},
  volume={33},
  number={10},
  pages={30--53},
  year={1990},
  publisher={ACM New York, NY, USA}
}

@book{zhou1992sequential,
  title={Sequential and parallel discrete event simulation on computer communication networks},
  author={Zhou, Tao},
  year={1992},
  publisher={Western Michigan University}
}

@inproceedings{busnot2020standard,
  title={Standard-compliant parallel SystemC simulation of loosely-timed transaction level models},
  author={Busnot, Gabriel and Sassolas, Tanguy and Ventroux, Nicolas and Moy, Matthieu},
  booktitle={2020 25th Asia and South Pacific Design Automation Conference (ASP-DAC)},
  pages={363--368},
  year={2020},
  organization={IEEE}
}

@inproceedings{optimist2,
  title={Speculative Temporal Decoupling Using fork ()},
  author={Jung, Matthias and Schnicke, Frank and Damm, Markus and Kuhn, Thomas and Wehn, Norbert},
  booktitle={2019 Design, Automation \& Test in Europe Conference \& Exhibition (DATE)},
  pages={1721--1726},
  year={2019},
  organization={IEEE}
}

@inproceedings{dist-gem5,
  title={dist-gem5: Distributed simulation of computer clusters},
  author={Mohammad, Alian and Darbaz, Umur and Dozsa, Gabor and Diestelhorst, Stephan and Kim, Daehoon and Kim, Nam Sung},
  booktitle={2017 IEEE International Symposium on Performance Analysis of Systems and Software (ISPASS)},
  pages={153--162},
  year={2017},
  organization={IEEE}
}

@inproceedings{asynchronousSimulator,
  title={SystemC-link: Parallel SystemC simulation using time-decoupled segments},
  author={Weinstock, Jan Henrik and Leupers, Rainer and Ascheid, Gerd and Petras, Dietmar and Hoffmann, Andreas},
  booktitle={2016 Design, Automation \& Test in Europe Conference \& Exhibition (DATE)},
  pages={493--498},
  year={2016},
  organization={IEEE}
}

@inproceedings{parallelTypes,
  title={parSC: synchronous parallel systemc simulation on multi-core host architectures},
  author={Schumacher, Christoph and Leupers, Rainer and Petras, Dietmar and Hoffmann, Andreas},
  booktitle={Proceedings of the eighth IEEE/ACM/IFIP international conference on hardware/software codesign and system synthesis},
  pages={241--246},
  year={2010}
}

@article{hempelsimulation,
  title={Simulation of RISC-V based Systems in gem5},
  author={Hempel, Dipl-Ing Gerald and Castrillon, Ing Jeronimo}
}

@article{jakob2019pybind11,
  title={pybind11--seamless operability between c++ 11 and python},
  author={Jakob, Wenzel and Rhinelander, Jason and Moldovan, Dean},
  journal={URL https://github.com/pybind/pybind11},
  year={2022}
}

@inproceedings{knight2002scons,
  title={SCons design and implementation},
  author={Knight, Steven},
  booktitle={Tenth int’l python conf},
  year={2002}
}

@article{Thegem5simulatorV2,
  title={The gem5 simulator: Version 20.0+},
  author={Lowe-Power, Jason and Ahmad, Abdul Mutaal and Akram, Ayaz and Alian, Mohammad and Amslinger, Rico and Andreozzi, Matteo and Armejach, Adri{\`a} and Asmussen, Nils and Beckmann, Brad and Bharadwaj, Srikant and others},
  journal={arXiv preprint arXiv:2007.03152},
  year={2020}
}

@INPROCEEDINGS{GlaserTD,
  author={Glaser, Georg and Nitsche, Gregor and Hennig, Eckhard},
  booktitle={2015 Forum on Specification and Design Languages (FDL)}, 
  title={Temporal decoupling with error-bounded predictive quantum control}, 
  year={2015},
  volume={},
  number={},
  pages={1-6},
  doi={}
}

@article{jefferson1985virtual,
  title={Virtual time},
  author={Jefferson, David R},
  journal={ACM Transactions on Programming Languages and Systems (TOPLAS)},
  volume={7},
  number={3},
  pages={404--425},
  year={1985},
  publisher={ACM New York, NY, USA}
}

@misc{morales2016evaluating,
  title={Evaluating gem5 and qemu virtual platforms for arm multicore architectures},
  author={Morales, Fuentes and Bismarck, Jose Luis},
  year={2016}
}

@article{akram2016comparison,
  title={A comparison of x86 computer architecture simulators},
  author={Akram, Ayaz and Sawalha, Lina},
  year={2016}
}

@inproceedings{ubal2012multi2sim,
  title={Multi2Sim: A simulation framework for CPU-GPU computing},
  author={Ubal, Rafael and Jang, Byunghyun and Mistry, Perhaad and Schaa, Dana and Kaeli, David},
  booktitle={Proceedings of the 21st international conference on Parallel architectures and compilation techniques},
  pages={335--344},
  year={2012}
}

@inproceedings{carlson2011sniper,
  title={Sniper: Exploring the level of abstraction for scalable and accurate parallel multi-core simulation},
  author={Carlson, Trevor E and Heirman, Wim and Eeckhout, Lieven},
  booktitle={Proceedings of 2011 International Conference for High Performance Computing, Networking, Storage and Analysis},
  pages={1--12},
  year={2011}
}

@inproceedings{yourst2007ptlsim,
  title={PTLsim: A cycle accurate full system x86-64 microarchitectural simulator},
  author={Yourst, Matt T},
  booktitle={2007 IEEE International Symposium on Performance Analysis of Systems \& Software},
  pages={23--34},
  year={2007},
  organization={IEEE}
}

@article{sanchez2013zsim,
  title={ZSim: Fast and accurate microarchitectural simulation of thousand-core systems},
  author={Sanchez, Daniel and Kozyrakis, Christos},
  journal={ACM SIGARCH Computer architecture news},
  volume={41},
  number={3},
  pages={475--486},
  year={2013},
  publisher={ACM New York, NY, USA}
}

@inproceedings{patel2011marss,
  title={Marss-x86: A qemu-based micro-architectural and systems simulator for x86 multicore processors},
  author={Patel, Avadh and Afram, Furat and Ghose, Kanad},
  booktitle={1st International Qemu Users’ Forum},
  pages={29--30},
  year={2011},
  organization={Citeseer}
}

@article{samuel1959some,
  title={Some studies in machine learning using the game of checkers},
  author={Samuel, Arthur L},
  journal={IBM Journal of research and development},
  volume={3},
  number={3},
  pages={210--229},
  year={1959},
  publisher={IBM}
}

@article{bachute2021autonomous,
  title={Autonomous driving architectures: insights of machine learning and deep learning algorithms},
  author={Bachute, Mrinal R and Subhedar, Javed M},
  journal={Machine Learning with Applications},
  volume={6},
  pages={100164},
  year={2021},
  publisher={Elsevier}
}

@article{mahesh2020machine,
  title={Machine learning algorithms-a review},
  author={Mahesh, Batta},
  journal={International Journal of Science and Research (IJSR).[Internet]},
  volume={9},
  pages={381--386},
  year={2020}
}

@book{haykin2009neural,
  title={Neural networks and learning machines, 3/E},
  author={Haykin, Simon},
  year={2009},
  publisher={Pearson Education India}
}

@techreport{widrow1960adaptive,
  title={Adaptive switching circuits},
  author={Widrow, Bernard and Hoff, Marcian E},
  year={1960},
  institution={Stanford Univ Ca Stanford Electronics Labs}
}

@article{widrow1995perceptrons,
  title={Perceptrons, Adalines, and backpropagation},
  author={Widrow, Bernard and Lehr, Michael A},
  journal={Arbib},
  volume={4},
  pages={719--724},
  year={1995}
}

@inproceedings{von2020combining,
  title={Combining machine learning and simulation to a hybrid modelling approach: Current and future directions},
  author={von Rueden, Laura and Mayer, Sebastian and Sifa, Rafet and Bauckhage, Christian and Garcke, Jochen},
  booktitle={Advances in Intelligent Data Analysis XVIII: 18th International Symposium on Intelligent Data Analysis, IDA 2020, Konstanz, Germany, April 27--29, 2020, Proceedings 18},
  pages={548--560},
  year={2020},
  organization={Springer}
}

 @book{mitchell2017natural,
  title={Natural catastrophe risk management and modelling: A practitioner's guide},
  author={Mitchell-Wallace, Kirsten and Jones, Matthew and Hillier, John and Foote, Matthew},
  year={2017},
  publisher={John Wiley \& Sons}
}

@article{benner2015survey,
  title={A survey of projection-based model reduction methods for parametric dynamical systems},
  author={Benner, Peter and Gugercin, Serkan and Willcox, Karen},
  journal={SIAM review},
  volume={57},
  number={4},
  pages={483--531},
  year={2015},
  publisher={SIAM}
}

@article{tsymbalov2019deeper,
  title={Deeper connections between neural networks and Gaussian processes speed-up active learning},
  author={Tsymbalov, Evgenii and Makarychev, Sergei and Shapeev, Alexander and Panov, Maxim},
  journal={arXiv preprint arXiv:1902.10350},
  year={2019}
}

@article{noe2020machine,
  title={Machine learning for molecular simulation},
  author={No{\'e}, Frank and Tkatchenko, Alexandre and M{\"u}ller, Klaus-Robert and Clementi, Cecilia},
  journal={Annual review of physical chemistry},
  volume={71},
  pages={361--390},
  year={2020},
  publisher={Annual Reviews}
}

@inproceedings{albertsson2018machine,
  title={Machine learning in high energy physics community white paper},
  author={Albertsson, Kim and Altoe, Piero and Anderson, Dustin and Andrews, Michael and Araque Espinosa, Juan Pedro and Aurisano, Adam and Basara, Laurent and Bevan, Adrian and Bhimji, Wahid and Bonacorsi, Daniele and others},
  booktitle={Journal of Physics: Conference Series},
  volume={1085},
  pages={022008},
  year={2018},
  organization={IOP Publishing}
}

@book{verkuyl2022virtual,
  title={Virtual Simulation: An Educator's Toolkit},
  author={Verkuyl, Margaret and Dubois, Nicole and Goldsworthy, Sandra and Merwin, Theresa and Willet, Timothy and Job, Trevab},
  year={2022}
}

@article{mathur2010advancements,
  title={Advancements in the V-Model},
  author={Mathur, Sonali and Malik, Shaily},
  journal={International Journal of Computer Applications},
  volume={1},
  number={12},
  pages={29--34},
  year={2010},
  publisher={Citeseer}
}

@misc{GHDLMainHomePage,
    title={GHDL Main/Home Page},
        url={http://ghdl.free.fr/}, 
    journal={GHDL Main/Home Page}
} 

@article{williams2002icarus,
  title={Icarus verilog: open-source verilog more than a year later},
  author={Williams, Stephen and Baxter, Michael},
  journal={Linux Journal},
  volume={2002},
  number={99},
  pages={3},
  year={2002},
  publisher={Belltown Media Houston, TX}
}

@article{widrow1985adaptive,
  title={Adaptive signal processing prentice-hall},
  author={Widrow, Bernard and Stearns, Samuel D},
  journal={Englewood Cliffs, NJ},
  pages={52},
  year={1985}
}

@article{BeyondQuantumTDSim, 
        journal={Beyond the Quantum of Temporally-Decoupled Simulations}, 
        author={Zurstraßen, Niko and Brandhofer, Ruben and Cascante, José Cubero and Joseph, Jan Moritz and Bosbach, Nils and Leupers, Rainer}
}

@INPROCEEDINGS{noiseCancelingADALINE,
  author={Stella, Maja and Begusic, Dinko and Russo, Mladen},
  booktitle={2006 International Conference on Software in Telecommunications and Computer Networks}, 
  title={Adaptive Noise Cancellation Based on Neural Network}, 
  year={2006},
  volume={},
  number={},
  pages={306-309},
  doi={10.1109/SOFTCOM.2006.329765}
}

@article{haykin1996linear,
  title={Linear prediction},
  author={Haykin, Simon},
  journal={Adaptive filter theory},
  pages={562--588},
  year={1996},
  publisher={Prentice Hall Information and System Sciences Series, Prentice Hall}
}

@inproceedings{liu2016incremental,
  title={An incremental V-model process for automotive development},
  author={Liu, Bohan and Zhang, He and Zhu, Saichun},
  booktitle={2016 23rd Asia-Pacific Software Engineering Conference (APSEC)},
  pages={225--232},
  year={2016},
  organization={IEEE}
}

@book{helal2008hybrid,
  title={A hybrid system dynamics-discrete event simulation approach to simulating the manufacturing enterprise},
  author={Helal, Magdy},
  year={2008},
  publisher={University of Central Florida}
}

@article{bailey1994parallel,
  title={The nas parallel benchmarks rnr-94-007},
  author={Bailey, DH and Barszcz, E and Barton, JT and Browning, DS and Carter, RL and Fatoohi, RA and Frederickson, PO and Lasinski, TA and Simon, HD and Venkatakrishnan, V and others},
  journal={NASA Advanced Supercomputing Division, Tech. Rep},
  year={1994}
}

@misc{herrera2020running,
  title={“Running trusted firmware-a on gem5},
  author={Herrera, Adrian},
  year={2020},
  publisher={May}
}

@article{gomes2017co,
  title={Co-simulation: State of the art},
  author={Gomes, Cl{\'a}udio and Thule, Casper and Broman, David and Larsen, Peter Gorm and Vangheluwe, Hans},
  journal={arXiv preprint arXiv:1702.00686},
  year={2017}
}

@misc{XilinxLibsystemctlm-SOC, 
title={Xilinx/Libsystemctlm-SOC: Systemc/TLM-2.0 co-simulation framework}, url={https://github.com/Xilinx/libsystemctlm-soc}, 
journal={GitHub}, 
author={Xilinx}} 

@inproceedings{menard2017system,
  title={System simulation with gem5 and SystemC: The keystone for full interoperability},
  author={Menard, Christian and Castrillon, Jeronimo and Jung, Matthias and Wehn, Norbert},
  booktitle={2017 International Conference on Embedded Computer Systems: Architectures, Modeling, and Simulation (SAMOS)},
  pages={62--69},
  year={2017},
  organization={IEEE}
}

@article{wieman2012overview,
  title={An overview of open SystemC initiative standards development},
  author={Wieman, Trevor and Bhattacharya, Bishnupriya and Jeremiassen, Tor and Schroder, Christian and Vanthournout, Bart},
  journal={IEEE Design \& Test of Computers},
  volume={29},
  number={2},
  pages={14--22},
  year={2012},
  publisher={IEEE}
}

@article{peterson1961cyclic,
  title={Cyclic codes for error detection},
  author={Peterson, William Wesley and Brown, Daniel T},
  journal={Proceedings of the IRE},
  volume={49},
  number={1},
  pages={228--235},
  year={1961},
  publisher={IEEE}
}

@article{borrelli2001ieee,
  title={IEEE 802.3 cyclic redundancy check},
  author={Borrelli, Chris},
  journal={application note: Virtex Series and Virtex-II Family, XAPP209 (v1. 0)},
  year={2001},
  publisher={Citeseer}
}




















